%YAML 1.1
%TAG !u! tag:unity3d.com,2011:
--- !u!1 &729495546563356466
GameObject:
  m_ObjectHideFlags: 0
  m_CorrespondingSourceObject: {fileID: 0}
  m_PrefabInstance: {fileID: 0}
  m_PrefabAsset: {fileID: 0}
  serializedVersion: 6
  m_Component:
  - component: {fileID: 729495546563356467}
  - component: {fileID: 729495546563356462}
  - component: {fileID: 729495546563356465}
  - component: {fileID: 729495546563356464}
  m_Layer: 0
  m_Name: centralGround
  m_TagString: Untagged
  m_Icon: {fileID: 0}
  m_NavMeshLayer: 0
  m_StaticEditorFlags: 0
  m_IsActive: 1
--- !u!4 &729495546563356467
Transform:
  m_ObjectHideFlags: 0
  m_CorrespondingSourceObject: {fileID: 0}
  m_PrefabInstance: {fileID: 0}
  m_PrefabAsset: {fileID: 0}
  m_GameObject: {fileID: 729495546563356466}
  m_LocalRotation: {x: -0, y: -0, z: -0, w: 1}
  m_LocalPosition: {x: 0, y: -0.85, z: 0}
  m_LocalScale: {x: 25, y: 1.1, z: 25}
  m_Children: []
  m_Father: {fileID: 729495547027948147}
  m_RootOrder: 0
  m_LocalEulerAnglesHint: {x: 0, y: 0, z: 0}
--- !u!33 &729495546563356462
MeshFilter:
  m_ObjectHideFlags: 0
  m_CorrespondingSourceObject: {fileID: 0}
  m_PrefabInstance: {fileID: 0}
  m_PrefabAsset: {fileID: 0}
  m_GameObject: {fileID: 729495546563356466}
  m_Mesh: {fileID: 10206, guid: 0000000000000000e000000000000000, type: 0}
--- !u!23 &729495546563356465
MeshRenderer:
  m_ObjectHideFlags: 0
  m_CorrespondingSourceObject: {fileID: 0}
  m_PrefabInstance: {fileID: 0}
  m_PrefabAsset: {fileID: 0}
  m_GameObject: {fileID: 729495546563356466}
  m_Enabled: 1
  m_CastShadows: 1
  m_ReceiveShadows: 1
  m_DynamicOccludee: 1
  m_MotionVectors: 1
  m_LightProbeUsage: 1
  m_ReflectionProbeUsage: 1
  m_RayTracingMode: 2
  m_RenderingLayerMask: 1
  m_RendererPriority: 0
  m_Materials:
  - {fileID: 2100000, guid: 11729fa27a679db4fbeedeff9e7512fe, type: 2}
  m_StaticBatchInfo:
    firstSubMesh: 0
    subMeshCount: 0
  m_StaticBatchRoot: {fileID: 0}
  m_ProbeAnchor: {fileID: 0}
  m_LightProbeVolumeOverride: {fileID: 0}
  m_ScaleInLightmap: 1
  m_ReceiveGI: 1
  m_PreserveUVs: 0
  m_IgnoreNormalsForChartDetection: 0
  m_ImportantGI: 0
  m_StitchLightmapSeams: 1
  m_SelectedEditorRenderState: 3
  m_MinimumChartSize: 4
  m_AutoUVMaxDistance: 0.5
  m_AutoUVMaxAngle: 89
  m_LightmapParameters: {fileID: 0}
  m_SortingLayerID: 0
  m_SortingLayer: 0
  m_SortingOrder: 0
--- !u!136 &729495546563356464
CapsuleCollider:
  m_ObjectHideFlags: 0
  m_CorrespondingSourceObject: {fileID: 0}
  m_PrefabInstance: {fileID: 0}
  m_PrefabAsset: {fileID: 0}
  m_GameObject: {fileID: 729495546563356466}
  m_Material: {fileID: 0}
  m_IsTrigger: 0
  m_Enabled: 1
  m_Radius: 0.5000001
  m_Height: 2
  m_Direction: 1
  m_Center: {x: 0.000000059604645, y: 0, z: -0.00000008940697}
--- !u!1 &729495547027948146
GameObject:
  m_ObjectHideFlags: 0
  m_CorrespondingSourceObject: {fileID: 0}
  m_PrefabInstance: {fileID: 0}
  m_PrefabAsset: {fileID: 0}
  serializedVersion: 6
  m_Component:
  - component: {fileID: 729495547027948147}
  m_Layer: 0
  m_Name: CentralZone
  m_TagString: Untagged
  m_Icon: {fileID: 0}
  m_NavMeshLayer: 0
  m_StaticEditorFlags: 0
  m_IsActive: 1
--- !u!4 &729495547027948147
Transform:
  m_ObjectHideFlags: 0
  m_CorrespondingSourceObject: {fileID: 0}
  m_PrefabInstance: {fileID: 0}
  m_PrefabAsset: {fileID: 0}
  m_GameObject: {fileID: 729495547027948146}
  m_LocalRotation: {x: 0, y: 0, z: 0, w: 1}
  m_LocalPosition: {x: 0, y: 0, z: 0}
  m_LocalScale: {x: 1, y: 1, z: 1}
  m_Children:
  - {fileID: 729495546563356467}
  - {fileID: 729495547594279408}
  - {fileID: 725507975804812201}
  m_Father: {fileID: 0}
  m_RootOrder: 0
  m_LocalEulerAnglesHint: {x: 0, y: 0, z: 0}
--- !u!1001 &729495546188740359
PrefabInstance:
  m_ObjectHideFlags: 0
  serializedVersion: 2
  m_Modification:
    m_TransformParent: {fileID: 729495547027948147}
    m_Modifications:
    - target: {fileID: 1000010137302480, guid: 3782a82b94eb9d943bc073a9b0e5ad64, type: 3}
      propertyPath: m_Name
      value: streetlightOFF
      objectReference: {fileID: 0}
    - target: {fileID: 4000012367416494, guid: 3782a82b94eb9d943bc073a9b0e5ad64, type: 3}
      propertyPath: m_RootOrder
      value: 2
      objectReference: {fileID: 0}
    - target: {fileID: 4000012367416494, guid: 3782a82b94eb9d943bc073a9b0e5ad64, type: 3}
      propertyPath: m_LocalScale.x
      value: 0.5
      objectReference: {fileID: 0}
    - target: {fileID: 4000012367416494, guid: 3782a82b94eb9d943bc073a9b0e5ad64, type: 3}
      propertyPath: m_LocalScale.y
      value: 0.5
      objectReference: {fileID: 0}
    - target: {fileID: 4000012367416494, guid: 3782a82b94eb9d943bc073a9b0e5ad64, type: 3}
      propertyPath: m_LocalScale.z
      value: 0.5
      objectReference: {fileID: 0}
    - target: {fileID: 4000012367416494, guid: 3782a82b94eb9d943bc073a9b0e5ad64, type: 3}
      propertyPath: m_LocalPosition.x
      value: 6
      objectReference: {fileID: 0}
    - target: {fileID: 4000012367416494, guid: 3782a82b94eb9d943bc073a9b0e5ad64, type: 3}
      propertyPath: m_LocalPosition.y
      value: 0.7
      objectReference: {fileID: 0}
    - target: {fileID: 4000012367416494, guid: 3782a82b94eb9d943bc073a9b0e5ad64, type: 3}
      propertyPath: m_LocalPosition.z
      value: -2
      objectReference: {fileID: 0}
    - target: {fileID: 4000012367416494, guid: 3782a82b94eb9d943bc073a9b0e5ad64, type: 3}
      propertyPath: m_LocalRotation.w
      value: 0
      objectReference: {fileID: 0}
    - target: {fileID: 4000012367416494, guid: 3782a82b94eb9d943bc073a9b0e5ad64, type: 3}
      propertyPath: m_LocalRotation.x
      value: -0
      objectReference: {fileID: 0}
    - target: {fileID: 4000012367416494, guid: 3782a82b94eb9d943bc073a9b0e5ad64, type: 3}
      propertyPath: m_LocalRotation.y
      value: -1
      objectReference: {fileID: 0}
    - target: {fileID: 4000012367416494, guid: 3782a82b94eb9d943bc073a9b0e5ad64, type: 3}
      propertyPath: m_LocalRotation.z
      value: -0
      objectReference: {fileID: 0}
    - target: {fileID: 4000012367416494, guid: 3782a82b94eb9d943bc073a9b0e5ad64, type: 3}
      propertyPath: m_LocalEulerAnglesHint.x
      value: 0
      objectReference: {fileID: 0}
    - target: {fileID: 4000012367416494, guid: 3782a82b94eb9d943bc073a9b0e5ad64, type: 3}
      propertyPath: m_LocalEulerAnglesHint.y
      value: -180
      objectReference: {fileID: 0}
    - target: {fileID: 4000012367416494, guid: 3782a82b94eb9d943bc073a9b0e5ad64, type: 3}
      propertyPath: m_LocalEulerAnglesHint.z
      value: 0
      objectReference: {fileID: 0}
    m_RemovedComponents: []
  m_SourcePrefab: {fileID: 100100000, guid: 3782a82b94eb9d943bc073a9b0e5ad64, type: 3}
--- !u!4 &725507975804812201 stripped
Transform:
  m_CorrespondingSourceObject: {fileID: 4000012367416494, guid: 3782a82b94eb9d943bc073a9b0e5ad64,
    type: 3}
  m_PrefabInstance: {fileID: 729495546188740359}
  m_PrefabAsset: {fileID: 0}
--- !u!1001 &729495547593888628
PrefabInstance:
  m_ObjectHideFlags: 0
  serializedVersion: 2
  m_Modification:
    m_TransformParent: {fileID: 729495547027948147}
    m_Modifications:
    - target: {fileID: 100004, guid: 939e176c84eb9af4d8aff0d14144f490, type: 3}
      propertyPath: m_Name
      value: MedievalTentBig
      objectReference: {fileID: 0}
    - target: {fileID: 400004, guid: 939e176c84eb9af4d8aff0d14144f490, type: 3}
      propertyPath: m_RootOrder
      value: 1
      objectReference: {fileID: 0}
    - target: {fileID: 400004, guid: 939e176c84eb9af4d8aff0d14144f490, type: 3}
      propertyPath: m_LocalPosition.x
      value: 0
      objectReference: {fileID: 0}
    - target: {fileID: 400004, guid: 939e176c84eb9af4d8aff0d14144f490, type: 3}
      propertyPath: m_LocalPosition.y
      value: 0.34
      objectReference: {fileID: 0}
    - target: {fileID: 400004, guid: 939e176c84eb9af4d8aff0d14144f490, type: 3}
      propertyPath: m_LocalPosition.z
      value: 0
      objectReference: {fileID: 0}
    - target: {fileID: 400004, guid: 939e176c84eb9af4d8aff0d14144f490, type: 3}
      propertyPath: m_LocalRotation.w
      value: 1
      objectReference: {fileID: 0}
    - target: {fileID: 400004, guid: 939e176c84eb9af4d8aff0d14144f490, type: 3}
      propertyPath: m_LocalRotation.x
      value: -0
      objectReference: {fileID: 0}
    - target: {fileID: 400004, guid: 939e176c84eb9af4d8aff0d14144f490, type: 3}
      propertyPath: m_LocalRotation.y
      value: -0
      objectReference: {fileID: 0}
    - target: {fileID: 400004, guid: 939e176c84eb9af4d8aff0d14144f490, type: 3}
      propertyPath: m_LocalRotation.z
      value: -0
      objectReference: {fileID: 0}
    - target: {fileID: 400004, guid: 939e176c84eb9af4d8aff0d14144f490, type: 3}
      propertyPath: m_LocalEulerAnglesHint.x
      value: 0
      objectReference: {fileID: 0}
    - target: {fileID: 400004, guid: 939e176c84eb9af4d8aff0d14144f490, type: 3}
      propertyPath: m_LocalEulerAnglesHint.y
      value: 0
      objectReference: {fileID: 0}
    - target: {fileID: 400004, guid: 939e176c84eb9af4d8aff0d14144f490, type: 3}
      propertyPath: m_LocalEulerAnglesHint.z
      value: 0
      objectReference: {fileID: 0}
    m_RemovedComponents: []
  m_SourcePrefab: {fileID: 100100000, guid: 939e176c84eb9af4d8aff0d14144f490, type: 3}
--- !u!4 &729495547594279408 stripped
Transform:
  m_CorrespondingSourceObject: {fileID: 400004, guid: 939e176c84eb9af4d8aff0d14144f490,
    type: 3}
  m_PrefabInstance: {fileID: 729495547593888628}
  m_PrefabAsset: {fileID: 0}
