%YAML 1.1
%TAG !u! tag:unity3d.com,2011:
--- !u!1 &3206717129251175487
GameObject:
  m_ObjectHideFlags: 0
  m_CorrespondingSourceObject: {fileID: 0}
  m_PrefabInstance: {fileID: 0}
  m_PrefabAsset: {fileID: 0}
  serializedVersion: 6
  m_Component:
  - component: {fileID: 3206717129251175486}
  m_Layer: 0
  m_Name: SlideZone
  m_TagString: Untagged
  m_Icon: {fileID: 0}
  m_NavMeshLayer: 0
  m_StaticEditorFlags: 0
  m_IsActive: 1
--- !u!4 &3206717129251175486
Transform:
  m_ObjectHideFlags: 0
  m_CorrespondingSourceObject: {fileID: 0}
  m_PrefabInstance: {fileID: 0}
  m_PrefabAsset: {fileID: 0}
  m_GameObject: {fileID: 3206717129251175487}
  m_LocalRotation: {x: -0, y: -0, z: -0, w: 1}
  m_LocalPosition: {x: 0, y: 0, z: -35}
  m_LocalScale: {x: 1, y: 1, z: 1}
  m_Children:
  - {fileID: 2251004746104056329}
  - {fileID: 3206717128380347122}
  - {fileID: 3206717129238481944}
  - {fileID: 8679746737132457776}
  m_Father: {fileID: 0}
  m_RootOrder: 0
  m_LocalEulerAnglesHint: {x: 0, y: 0, z: 0}
--- !u!1001 &1675401218736083274
PrefabInstance:
  m_ObjectHideFlags: 0
  serializedVersion: 2
  m_Modification:
    m_TransformParent: {fileID: 3206717129251175486}
    m_Modifications:
    - target: {fileID: 4305639933591084370, guid: 8ed6053e480f5c6439b59383a810c100,
        type: 3}
      propertyPath: m_RootOrder
      value: 2
      objectReference: {fileID: 0}
    - target: {fileID: 4305639933591084370, guid: 8ed6053e480f5c6439b59383a810c100,
        type: 3}
      propertyPath: m_LocalPosition.x
      value: 0
      objectReference: {fileID: 0}
    - target: {fileID: 4305639933591084370, guid: 8ed6053e480f5c6439b59383a810c100,
        type: 3}
      propertyPath: m_LocalPosition.y
      value: 0
      objectReference: {fileID: 0}
    - target: {fileID: 4305639933591084370, guid: 8ed6053e480f5c6439b59383a810c100,
        type: 3}
      propertyPath: m_LocalPosition.z
      value: -2.7
      objectReference: {fileID: 0}
    - target: {fileID: 4305639933591084370, guid: 8ed6053e480f5c6439b59383a810c100,
        type: 3}
      propertyPath: m_LocalRotation.w
      value: 1
      objectReference: {fileID: 0}
    - target: {fileID: 4305639933591084370, guid: 8ed6053e480f5c6439b59383a810c100,
        type: 3}
      propertyPath: m_LocalRotation.x
      value: -0
      objectReference: {fileID: 0}
    - target: {fileID: 4305639933591084370, guid: 8ed6053e480f5c6439b59383a810c100,
        type: 3}
      propertyPath: m_LocalRotation.y
      value: -0
      objectReference: {fileID: 0}
    - target: {fileID: 4305639933591084370, guid: 8ed6053e480f5c6439b59383a810c100,
        type: 3}
      propertyPath: m_LocalRotation.z
      value: -0
      objectReference: {fileID: 0}
    - target: {fileID: 4305639933591084370, guid: 8ed6053e480f5c6439b59383a810c100,
        type: 3}
      propertyPath: m_LocalEulerAnglesHint.x
      value: 0
      objectReference: {fileID: 0}
    - target: {fileID: 4305639933591084370, guid: 8ed6053e480f5c6439b59383a810c100,
        type: 3}
      propertyPath: m_LocalEulerAnglesHint.y
      value: 0
      objectReference: {fileID: 0}
    - target: {fileID: 4305639933591084370, guid: 8ed6053e480f5c6439b59383a810c100,
        type: 3}
      propertyPath: m_LocalEulerAnglesHint.z
      value: 0
      objectReference: {fileID: 0}
    - target: {fileID: 4305639933591084371, guid: 8ed6053e480f5c6439b59383a810c100,
        type: 3}
      propertyPath: m_Name
      value: Slide
      objectReference: {fileID: 0}
    m_RemovedComponents: []
  m_SourcePrefab: {fileID: 100100000, guid: 8ed6053e480f5c6439b59383a810c100, type: 3}
--- !u!4 &3206717129238481944 stripped
Transform:
  m_CorrespondingSourceObject: {fileID: 4305639933591084370, guid: 8ed6053e480f5c6439b59383a810c100,
    type: 3}
  m_PrefabInstance: {fileID: 1675401218736083274}
  m_PrefabAsset: {fileID: 0}
--- !u!1001 &2013248403821386385
PrefabInstance:
  m_ObjectHideFlags: 0
  serializedVersion: 2
  m_Modification:
    m_TransformParent: {fileID: 3206717129251175486}
    m_Modifications:
    - target: {fileID: 346023053788278936, guid: 8b4412590e7ba764180d66f6d1929d7b,
        type: 3}
      propertyPath: m_RootOrder
      value: 0
      objectReference: {fileID: 0}
    - target: {fileID: 346023053788278936, guid: 8b4412590e7ba764180d66f6d1929d7b,
        type: 3}
      propertyPath: m_LocalPosition.x
      value: 0
      objectReference: {fileID: 0}
    - target: {fileID: 346023053788278936, guid: 8b4412590e7ba764180d66f6d1929d7b,
        type: 3}
      propertyPath: m_LocalPosition.y
      value: 0
      objectReference: {fileID: 0}
    - target: {fileID: 346023053788278936, guid: 8b4412590e7ba764180d66f6d1929d7b,
        type: 3}
      propertyPath: m_LocalPosition.z
      value: 0
      objectReference: {fileID: 0}
    - target: {fileID: 346023053788278936, guid: 8b4412590e7ba764180d66f6d1929d7b,
        type: 3}
      propertyPath: m_LocalRotation.w
      value: 0
      objectReference: {fileID: 0}
    - target: {fileID: 346023053788278936, guid: 8b4412590e7ba764180d66f6d1929d7b,
        type: 3}
      propertyPath: m_LocalRotation.x
      value: 0
      objectReference: {fileID: 0}
    - target: {fileID: 346023053788278936, guid: 8b4412590e7ba764180d66f6d1929d7b,
        type: 3}
      propertyPath: m_LocalRotation.y
      value: 1
      objectReference: {fileID: 0}
    - target: {fileID: 346023053788278936, guid: 8b4412590e7ba764180d66f6d1929d7b,
        type: 3}
      propertyPath: m_LocalRotation.z
      value: 0
      objectReference: {fileID: 0}
    - target: {fileID: 346023053788278936, guid: 8b4412590e7ba764180d66f6d1929d7b,
        type: 3}
      propertyPath: m_LocalEulerAnglesHint.x
      value: 0
      objectReference: {fileID: 0}
    - target: {fileID: 346023053788278936, guid: 8b4412590e7ba764180d66f6d1929d7b,
        type: 3}
      propertyPath: m_LocalEulerAnglesHint.y
      value: 180
      objectReference: {fileID: 0}
    - target: {fileID: 346023053788278936, guid: 8b4412590e7ba764180d66f6d1929d7b,
        type: 3}
      propertyPath: m_LocalEulerAnglesHint.z
      value: 0
      objectReference: {fileID: 0}
    - target: {fileID: 346023053788278943, guid: 8b4412590e7ba764180d66f6d1929d7b,
        type: 3}
      propertyPath: m_Name
      value: Ground
      objectReference: {fileID: 0}
    m_RemovedComponents: []
  m_SourcePrefab: {fileID: 100100000, guid: 8b4412590e7ba764180d66f6d1929d7b, type: 3}
--- !u!4 &2251004746104056329 stripped
Transform:
  m_CorrespondingSourceObject: {fileID: 346023053788278936, guid: 8b4412590e7ba764180d66f6d1929d7b,
    type: 3}
  m_PrefabInstance: {fileID: 2013248403821386385}
  m_PrefabAsset: {fileID: 0}
--- !u!1001 &6458785632932067092
PrefabInstance:
  m_ObjectHideFlags: 0
  serializedVersion: 2
  m_Modification:
    m_TransformParent: {fileID: 3206717129251175486}
    m_Modifications:
    - target: {fileID: 8440514729126561254, guid: 29009e1425d9c96409913147b83a7d33,
        type: 3}
      propertyPath: m_RootOrder
      value: 1
      objectReference: {fileID: 0}
    - target: {fileID: 8440514729126561254, guid: 29009e1425d9c96409913147b83a7d33,
        type: 3}
      propertyPath: m_LocalPosition.x
      value: 0
      objectReference: {fileID: 0}
    - target: {fileID: 8440514729126561254, guid: 29009e1425d9c96409913147b83a7d33,
        type: 3}
      propertyPath: m_LocalPosition.y
      value: -1
      objectReference: {fileID: 0}
    - target: {fileID: 8440514729126561254, guid: 29009e1425d9c96409913147b83a7d33,
        type: 3}
      propertyPath: m_LocalPosition.z
      value: 0
      objectReference: {fileID: 0}
    - target: {fileID: 8440514729126561254, guid: 29009e1425d9c96409913147b83a7d33,
        type: 3}
      propertyPath: m_LocalRotation.w
      value: 0
      objectReference: {fileID: 0}
    - target: {fileID: 8440514729126561254, guid: 29009e1425d9c96409913147b83a7d33,
        type: 3}
      propertyPath: m_LocalRotation.x
      value: -0
      objectReference: {fileID: 0}
    - target: {fileID: 8440514729126561254, guid: 29009e1425d9c96409913147b83a7d33,
        type: 3}
      propertyPath: m_LocalRotation.y
      value: 1
      objectReference: {fileID: 0}
    - target: {fileID: 8440514729126561254, guid: 29009e1425d9c96409913147b83a7d33,
        type: 3}
      propertyPath: m_LocalRotation.z
      value: -0
      objectReference: {fileID: 0}
    - target: {fileID: 8440514729126561254, guid: 29009e1425d9c96409913147b83a7d33,
        type: 3}
      propertyPath: m_LocalEulerAnglesHint.x
      value: 0
      objectReference: {fileID: 0}
    - target: {fileID: 8440514729126561254, guid: 29009e1425d9c96409913147b83a7d33,
        type: 3}
      propertyPath: m_LocalEulerAnglesHint.y
      value: 0
      objectReference: {fileID: 0}
    - target: {fileID: 8440514729126561254, guid: 29009e1425d9c96409913147b83a7d33,
        type: 3}
      propertyPath: m_LocalEulerAnglesHint.z
      value: 0
      objectReference: {fileID: 0}
    - target: {fileID: 8440514730122213448, guid: 29009e1425d9c96409913147b83a7d33,
        type: 3}
      propertyPath: m_Name
      value: SlideForest
      objectReference: {fileID: 0}
    m_RemovedComponents: []
  m_SourcePrefab: {fileID: 100100000, guid: 29009e1425d9c96409913147b83a7d33, type: 3}
--- !u!4 &3206717128380347122 stripped
Transform:
  m_CorrespondingSourceObject: {fileID: 8440514729126561254, guid: 29009e1425d9c96409913147b83a7d33,
    type: 3}
  m_PrefabInstance: {fileID: 6458785632932067092}
  m_PrefabAsset: {fileID: 0}
--- !u!1001 &8681701335327409348
PrefabInstance:
  m_ObjectHideFlags: 0
  serializedVersion: 2
  m_Modification:
    m_TransformParent: {fileID: 3206717129251175486}
    m_Modifications:
    - target: {fileID: 1697357508118404, guid: 1e1ab22313304824f984d29f24782c07, type: 3}
      propertyPath: m_Name
      value: Med_Saw_01
      objectReference: {fileID: 0}
    - target: {fileID: 4291352629824500, guid: 1e1ab22313304824f984d29f24782c07, type: 3}
      propertyPath: m_RootOrder
      value: 3
      objectReference: {fileID: 0}
    - target: {fileID: 4291352629824500, guid: 1e1ab22313304824f984d29f24782c07, type: 3}
      propertyPath: m_LocalPosition.x
      value: 0
      objectReference: {fileID: 0}
    - target: {fileID: 4291352629824500, guid: 1e1ab22313304824f984d29f24782c07, type: 3}
      propertyPath: m_LocalPosition.y
      value: 7.607
      objectReference: {fileID: 0}
    - target: {fileID: 4291352629824500, guid: 1e1ab22313304824f984d29f24782c07, type: 3}
      propertyPath: m_LocalPosition.z
      value: -2
      objectReference: {fileID: 0}
    - target: {fileID: 4291352629824500, guid: 1e1ab22313304824f984d29f24782c07, type: 3}
      propertyPath: m_LocalRotation.w
      value: 0.7071068
      objectReference: {fileID: 0}
    - target: {fileID: 4291352629824500, guid: 1e1ab22313304824f984d29f24782c07, type: 3}
      propertyPath: m_LocalRotation.x
      value: 0.7071068
      objectReference: {fileID: 0}
    - target: {fileID: 4291352629824500, guid: 1e1ab22313304824f984d29f24782c07, type: 3}
      propertyPath: m_LocalRotation.y
      value: 0
      objectReference: {fileID: 0}
    - target: {fileID: 4291352629824500, guid: 1e1ab22313304824f984d29f24782c07, type: 3}
      propertyPath: m_LocalRotation.z
      value: 0
      objectReference: {fileID: 0}
    - target: {fileID: 4291352629824500, guid: 1e1ab22313304824f984d29f24782c07, type: 3}
      propertyPath: m_LocalEulerAnglesHint.x
      value: 90
      objectReference: {fileID: 0}
    - target: {fileID: 4291352629824500, guid: 1e1ab22313304824f984d29f24782c07, type: 3}
      propertyPath: m_LocalEulerAnglesHint.y
      value: 0
      objectReference: {fileID: 0}
    - target: {fileID: 4291352629824500, guid: 1e1ab22313304824f984d29f24782c07, type: 3}
      propertyPath: m_LocalEulerAnglesHint.z
      value: 0
      objectReference: {fileID: 0}
    m_RemovedComponents: []
  m_SourcePrefab: {fileID: 100100000, guid: 1e1ab22313304824f984d29f24782c07, type: 3}
--- !u!4 &8679746737132457776 stripped
Transform:
  m_CorrespondingSourceObject: {fileID: 4291352629824500, guid: 1e1ab22313304824f984d29f24782c07,
    type: 3}
  m_PrefabInstance: {fileID: 8681701335327409348}
  m_PrefabAsset: {fileID: 0}
